@misc{usyd1,
	author = "{The University of Sydney}",
	title = "{APA} Referencing Style (6th Edition)",
	year = 2022,
	note = "See \url{https://libguides.library.usyd.edu.au/ld.php?content\_id=47913440}"}

@misc{usyd2,
	author = "{The University of Sydney}",
	title = "Referencing and Citation Styles: {IEEE}",
	year = 2022,
	note = "See \url{https://libguides.library.usyd.edu.au/c.php?g=508212}"}
	
@misc{sfia,
	author = "{SFIA}",
	title = "The global skills and competency framework for the digital world",
	year = 2022,
	note = "See \url{https://sfia-online.org/en/sfia-8/all-skills-a-z}"}

@misc{w3school,
	author = {w3school.com.cn},
	title = {{JavaScript Tutorial}},
	url = {https://www.w3schools.com/js/DEFAULT.asp},
}

@misc{input,
	month = {4},
	title = {{<input>: The Input (Form Input) element - HTML: HyperText Markup Language | MDN}},
	year = {2023},
	url = {https://developer.mozilla.org/en-US/docs/Web/HTML/Element/input},
}

@article{caesar,
	author = {Wikipedia contributors},
	journal = {Wikipedia},
	month = {4},
	title = {{Caesar cipher}},
	year = {2023},
	url = {https://en.wikipedia.org/wiki/Caesar_cipher},
}

@article{geeksforgeeks-2023B,
	author = {GeeksforGeeks},
	journal = {GeeksforGeeks},
	month = {1},
	title = {{pede and Dispede of JavaScript}},
	year = {2023},
	url = {https://www.geeksforgeeks.org/pede-and-dispede-of-javascript/},
}

@misc{unknown-author-2022,
	month = {1},
	title = {{Why Use Javascript in 2022? 8 Dispede And Advantages of Javascript}},
	year = {2022},
	url = {https://tino.design/blog/14-why-use-javascript-in-2022-8-disadvantages-and-advantages-of-javascript#Why%20Use%20JavaScript%20For%20Business?},
}

@article{pedamkar-2023,
	author = {Pedamkar, Priya},
	journal = {EDUCBA},
	month = {3},
	title = {{Uses of JavaScript}},
	year = {2023},
	url = {https://www.educba.com/uses-of-javascript/},
}

@misc{wikipedia-contributors-2023A,
	author = {Wikipedia contributors},
	month = {3},
	title = {{Programming languages used in most popular websites}},
	year = {2023},
	url = {https://en.wikipedia.org/wiki/Programming_languages_used_in_most_popular_websites},
}
@misc{wikipedia-contributors-2023B,
	author = {Wikipedia contributors},
	month = {4},
	title = {{Java (programming language)}},
	year = {2023},
	url = {https://en.wikipedia.org/wiki/Java_(programming_language)},
}

@misc{w3schoolcomcn-no-date,
	author = {w3school.com.cn},
	title = {{JavaScript tutorials}},
	url = {https://www.w3school.com.cn/js/index.asp},
}
@misc{unknown-author-2023A,
	month = {4},
	title = {{<input>: The Input (Form Input) element - HTML: HyperText Markup Language | MDN}},
	year = {2023},
	url = {https://developer.mozilla.org/en-US/docs/Web/HTML/Element/input},
}
@misc{unknown-author-2023B,
	month = {4},
	title = {{<input>: The Input (Form Input) element - HTML: HyperText Markup Language | MDN}},
	year = {2023},
	url = {https://developer.mozilla.org/en-US/docs/Web/HTML/Element/input},
}
@article{wikipedia-contributors-2023F,
	author = {Wikipedia contributors},
	journal = {Wikipedia},
	month = {4},
	title = {{Caesar cipher}},
	year = {2023},
	url = {https://en.wikipedia.org/wiki/Caesar_cipher},
}

@article{geeksforgeeks-2023A,
	author = {GeeksforGeeks},
	journal = {GeeksforGeeks},
	month = {3},
	title = {{Introduction to Programming Languages}},
	year = {2023},
	url = {https://www.geeksforgeeks.org/introduction-to-programming-languages/},
}

@article{admin-2022,
	author = {Admin},
	journal = {W3schools},
	month = {8},
	title = {{JavaScript advantages and disadvantages}},
	year = {2022},
	url = {https://www.w3schools.blog/advantages-disadvantages-javascript#:~:text=JavaScript%20advantages%201%20Fast%20speed%3A%20JavaScript%20is%20executed,as%20it%20executes%20on%20the%20client%20side.%20%E6%9B%B4%E5%A4%9A%E9%A1%B9%E7%9B%AE},
}

@misc{unknown-author-2022,
	month = {1},
	title = {{Why Use Javascript in 2022? 8 Disadvantages And Advantages of Javascript}},
	year = {2022},
	url = {https://tino.design/blog/14-why-use-javascript-in-2022-8-disadvantages-and-advantages-of-javascript#Why%20Use%20JavaScript%20For%20Business?},
}

@misc{coyier-2009,
	author = {Coyier, Chris},
	month = {9},
	title = {{You Know You Should Use JavaScript When... | CSS-Tricks}},
	year = {2009},
	url = {https://css-tricks.com/you-know-you-should-use-javascript-when/},
}

@misc{brewster-no-date,
	author = {Brewster, Cordenne},
	title = {{JavaScript Frameworks: What Are They and How Do They Work? | Trio Developers}},
	url = {https://www.trio.dev/blog/javascript-framework},
}

@article{codemotion-2023,
	author = {Codemotion},
	journal = {Codemotion Magazine},
	month = {3},
	title = {{17 JavaScript Frameworks that You Should Know About - A Comprehensive Guide}},
	year = {2023},
	url = {https://www.codemotion.com/magazine/frontend/javascript/javascript-frameworks-guide/},
}